@article{extractors,
  author    = {Lars Hertel and
               Erhardt Barth and
               Thomas K{\"{a}}ster and
               Thomas Martinetz},
  title     = {Deep Convolutional Neural Networks as Generic Feature Extractors},
  journal   = {CoRR},
  volume    = {abs/1710.02286},
  year      = {2017},
  url       = {http://arxiv.org/abs/1710.02286},
  archivePrefix = {arXiv},
  eprint    = {1710.02286},
  timestamp = {Wed, 01 Nov 2017 19:05:42 +0100},
  biburl    = {https://dblp.org/rec/bib/journals/corr/abs-1710-02286},
  bibsource = {dblp computer science bibliography, https://dblp.org}
}
@article{hebbian,
	author    = {Thomas Miconi},
	title     = {Backpropagation of Hebbian plasticity for lifelong learning},
	journal   = {CoRR},
	volume    = {abs/1609.02228},
	year      = {2016},
	url       = {http://arxiv.org/abs/1609.02228},
	archivePrefix = {arXiv},
	eprint    = {1609.02228},
	timestamp = {Wed, 07 Jun 2017 14:41:42 +0200},
	biburl    = {https://dblp.org/rec/bib/journals/corr/Miconi16a},
	bibsource = {dblp computer science bibliography, https://dblp.org}
}
@article{lwf,
	author    = {Zhizhong Li and
	Derek Hoiem},
	title     = {Learning without Forgetting},
	journal   = {CoRR},
	volume    = {abs/1606.09282},
	year      = {2016},
	url       = {http://arxiv.org/abs/1606.09282},
	archivePrefix = {arXiv},
	eprint    = {1606.09282},
	timestamp = {Wed, 07 Jun 2017 14:41:29 +0200},
	biburl    = {https://dblp.org/rec/bib/journals/corr/LiH16e},
	bibsource = {dblp computer science bibliography, https://dblp.org}
}
@article{ewc,
	author    = {James Kirkpatrick and
	Razvan Pascanu and
	Neil C. Rabinowitz and
	Joel Veness and
	Guillaume Desjardins and
	Andrei A. Rusu and
	Kieran Milan and
	John Quan and
	Tiago Ramalho and
	Agnieszka Grabska{-}Barwinska and
	Demis Hassabis and
	Claudia Clopath and
	Dharshan Kumaran and
	Raia Hadsell},
	title     = {Overcoming catastrophic forgetting in neural networks},
	journal   = {CoRR},
	volume    = {abs/1612.00796},
	year      = {2016},
	url       = {http://arxiv.org/abs/1612.00796},
	archivePrefix = {arXiv},
	eprint    = {1612.00796},
	timestamp = {Wed, 07 Jun 2017 14:41:54 +0200},
	biburl    = {https://dblp.org/rec/bib/journals/corr/KirkpatrickPRVD16},
	bibsource = {dblp computer science bibliography, https://dblp.org}
}
@article{tensorflow,
	author    = {Mart{\'{\i}}n Abadi and
	Ashish Agarwal and
	Paul Barham and
	Eugene Brevdo and
	Zhifeng Chen and
	Craig Citro and
	Gregory S. Corrado and
	Andy Davis and
	Jeffrey Dean and
	Matthieu Devin and
	Sanjay Ghemawat and
	Ian J. Goodfellow and
	Andrew Harp and
	Geoffrey Irving and
	Michael Isard and
	Yangqing Jia and
	Rafal J{\'{o}}zefowicz and
	Lukasz Kaiser and
	Manjunath Kudlur and
	Josh Levenberg and
	Dan Man{\'{e}} and
	Rajat Monga and
	Sherry Moore and
	Derek Gordon Murray and
	Chris Olah and
	Mike Schuster and
	Jonathon Shlens and
	Benoit Steiner and
	Ilya Sutskever and
	Kunal Talwar and
	Paul A. Tucker and
	Vincent Vanhoucke and
	Vijay Vasudevan and
	Fernanda B. Vi{\'{e}}gas and
	Oriol Vinyals and
	Pete Warden and
	Martin Wattenberg and
	Martin Wicke and
	Yuan Yu and
	Xiaoqiang Zheng},
	title     = {TensorFlow: Large-Scale Machine Learning on Heterogeneous Distributed
	Systems},
	journal   = {CoRR},
	volume    = {abs/1603.04467},
	year      = {2016},
	url       = {http://arxiv.org/abs/1603.04467},
	archivePrefix = {arXiv},
	eprint    = {1603.04467},
	timestamp = {Wed, 07 Jun 2017 14:40:20 +0200},
	biburl    = {https://dblp.org/rec/bib/journals/corr/AbadiABBCCCDDDG16},
	bibsource = {dblp computer science bibliography, https://dblp.org}
}
@online{sonnet,
	author = "Deepmind",
	title = "Sonnet - Tensorflow-based neural network library",
	year = 2017,
	url = "https://github.com/deepmind/sonnet",
	urldate = {2018-05-14}
}
@online{cifar100,
	author = "Alex Krizhevsky, Vinod Nair, Geoffrey Hinton",
	title = "CIFAR-10 and CIFAR-100 datasets",
	year = 2009,
	url = "https://www.cs.toronto.edu/~kriz/cifar.html",
	urldate = {2018-05-14}
}